<?xml version="1.0" encoding="UTF-8"?><collection xmlns="http://www.loc.gov/MARC21/slim"><record><leader>00557nam--2200181-i-4500</leader><controlfield tag="001">000035497</controlfield><controlfield tag="002">20161230</controlfield><controlfield tag="005">20161230201040</controlfield><controlfield tag="008">060222s1000------------r-----000-0-ger-d</controlfield><datafield ind1=" " ind2=" " tag="040"><subfield code="a">IFIN-HH</subfield></datafield><datafield ind1=" " ind2=" " tag="041"><subfield code="a">ger</subfield></datafield><datafield ind1=" " ind2=" " tag="080"><subfield code="a">538.935:539.213(043)</subfield></datafield><datafield ind1="1" ind2=" " tag="100"><subfield code="a">Paasche, Frieder</subfield></datafield><datafield ind1="1" ind2="0" tag="245"><subfield code="a">Die elektronenbeugung als methode zur ermittlung der struktur amorpher substanzen</subfield><subfield code="b">Dissertation</subfield><subfield code="c">Frieder paasche</subfield></datafield><datafield ind1=" " ind2=" " tag="260"><subfield code="a">Stuttgart</subfield><subfield code="b">Max-plank-institut Fur Metallforschung</subfield><subfield code="c">1981</subfield></datafield><datafield ind1=" " ind2=" " tag="300"><subfield code="a">IV + 100P</subfield></datafield><datafield ind1=" " ind2=" " tag="852"><subfield code="a">70844</subfield><subfield code="c">539.2</subfield></datafield><datafield ind1=" " ind2=" " tag="CAT"><subfield code="a">Sys</subfield><subfield code="c">20121106</subfield><subfield code="h">155208</subfield></datafield></record></collection>